
{[}1{]} J.-L. Casanova and L. Abel, ``The human genetic determinism of
life-threatening infectious diseases: genetic heterogeneity and
physiological homogeneity?,'' \emph{Hum. Genet.}, vol. 139, pp.
681--694, 2020.

{[}2{]} G. Povysil, S. Petrovski, J. Hostyk, V. Aggarwal, A. S. Allen,
and D. B. Goldstein, ``Rare-variant collapsing analyses for complex
traits: guidelines and applications,'' \emph{Nat. Rev. Genet.}, vol. 20,
no. 12, Art. no. 12, 2019, doi: 10.1038/s41576-019-0177-4.

{[}3{]} B. S. Pedersen \emph{et al.}, ``Effective variant filtering and
expected candidate variant yield in studies of rare human disease,''
\emph{NPJ Genomic Med.}, vol. 6, no. 1, pp. 1--8, 2021.

{[}4{]} G. A. Van der Auwera \emph{et al.}, ``From FastQ Data to
High-Confidence Variant Calls: The Genome Analysis Toolkit Best
Practices Pipeline,'' \emph{Curr. Protoc. Bioinforma.}, vol. 43, no. 1,
p. 11.10.1-11.10.33, 2013, doi: 10.1002/0471250953.bi1110s43.

{[}5{]} D. Lawless \emph{et al.}, ``Prevalence of CFTR variants in
primary immunodeficiency patients with bronchiectasis is an important
modifying cofactor,'' \emph{J. Allergy Clin. Immunol.}, vol. 152, no. 1,
pp. 257--265, Jul. 2023, doi: 10.1016/j.jaci.2023.01.035.

{[}6{]} D. Lawless \emph{et al.}, ``Viral Genetic Determinants of
Prolonged Respiratory Syncytial Virus Infection Among Infants in a
Healthy Term Birth Cohort,'' \emph{J. Infect. Dis.}, vol. 227, no. 10,
pp. 1194--1202, May 2023, doi: 10.1093/infdis/jiac442.

{[}7{]} Z. M. Xu \emph{et al.}, ``Genome-to-genome analysis reveals
associations between human and mycobacterial genetic variation in
tuberculosis patients from Tanzania.'' May 11, 2023. doi:
10.1101/2023.05.11.23289848.

{[}8{]} D. Szklarczyk \emph{et al.}, ``The STRING database in 2017:
quality-controlled protein-protein association networks, made broadly
accessible,'' \emph{Nucleic Acids Res.}, vol. 45, no. D1, pp.
D362--D368, 2016, doi: 10.1093/nar/gkw937.

{[}9{]} M. C. Wu, S. Lee, T. Cai, Y. Li, M. Boehnke, and X. Lin,
``Rare-Variant Association Testing for Sequencing Data with the Sequence
Kernel Association Test,'' \emph{Am. J. Hum. Genet.}, vol. 89, no. 1,
pp. 82--93, 2011, doi: https://doi.org/10.1016/j.ajhg.2011.05.029.

{[}10{]} S. Lee \emph{et al.}, ``Optimal Unified Approach for
Rare-Variant Association Testing with Application to Small-Sample
Case-Control Whole-Exome Sequencing Studies,'' \emph{Am. J. Hum.
Genet.}, vol. 91, no. 2, pp. 224--237, 2012, doi:
https://doi.org/10.1016/j.ajhg.2012.06.007.

{[}11{]} S. Lee, M. C. Wu, and X. Lin, ``Optimal tests for rare variant
effects in sequencing association studies,'' \emph{Biostatistics}, vol.
13, no. 4, pp. 762--775, Jun. 2012, doi: 10.1093/biostatistics/kxs014.

{[}12{]} S. Richards \emph{et al.}, ``Standards and guidelines for the
interpretation of sequence variants: a joint consensus recommendation of
the American College of Medical Genetics and Genomics and the
Association for Molecular Pathology,'' \emph{Genet Med}, vol. 17, no. 5.
pp. 405--24, 2015. doi: 10.1038/gim.2015.30.

{[}13{]} O. Bocher, G. Marenne, E. Génin, and H. Perdry, ``Ravages: An R
package for the simulation and analysis of rare variants in
multicategory phenotypes,'' \emph{Genet. Epidemiol.}, vol. 47, no. 6,
pp. 450--460, Sep. 2023, doi: 10.1002/gepi.22529.

{[}14{]} R. H. Duerr \emph{et al.}, ``A Genome-Wide Association Study
Identifies \emph{IL23R} as an Inflammatory Bowel Disease Gene,''
\emph{Science}, vol. 314, no. 5804, pp. 1461--1463, Dec. 2006, doi:
10.1126/science.1135245.

{[}15{]} Y. Liu and J. Xie, ``Cauchy Combination Test: A Powerful Test
With Analytic \emph{p} -Value Calculation Under Arbitrary Dependency
Structures,'' \emph{J. Am. Stat. Assoc.}, vol. 115, no. 529, pp.
393--402, Jan. 2020, doi: 10.1080/01621459.2018.1554485.

{[}16{]} T. U. Consortium, ``UniProt: the universal protein
knowledgebase,'' \emph{Nucleic Acids Res.}, vol. 45, no. D1, pp.
D158--D169, Nov. 2016, doi: 10.1093/nar/gkw1099.

{[}17{]} X. Li \emph{et al.}, ``Dynamic incorporation of multiple in
silico functional annotations empowers rare variant association analysis
of large whole-genome sequencing studies at scale,'' \emph{Nat. Genet.},
vol. 52, no. 9, pp. 969--983, Sep. 2020, doi: 10.1038/s41588-020-0676-4.

{[}18{]} Z. Li \emph{et al.}, ``A framework for detecting noncoding
rare-variant associations of large-scale whole-genome sequencing
studies,'' \emph{Nat. Methods}, vol. 19, no. 12, pp. 1599--1611, Dec.
2022, doi: 10.1038/s41592-022-01640-x.

{[}19{]} B. Li and S. M. Leal, ``Methods for detecting associations with
rare variants for common diseases: application to analysis of sequence
data,'' \emph{Am. J. Hum. Genet.}, vol. 83, no. 3, pp. 311--321, 2008.

{[}20{]} B. E. Madsen and S. R. Browning, ``A groupwise association test
for rare mutations using a weighted sum statistic,'' \emph{PLoS Genet},
vol. 5, no. 2. p. e1000384, 2009. doi: 10.1371/journal.pgen.1000384.

{[}21{]} B. M. Neale \emph{et al.}, ``Testing for an unusual
distribution of rare variants,'' \emph{PLoS Genet.}, vol. 7, no. 3, p.
e1001322, 2011.

{[}22{]} Y. Liu, S. Chen, Z. Li, A. C. Morrison, E. Boerwinkle, and X.
Lin, ``ACAT: a fast and powerful p value combination method for
rare-variant analysis in sequencing studies,'' \emph{Am. J. Hum.
Genet.}, vol. 104, no. 3, pp. 410--421, 2019.

{[}23{]} J. Mbatchou \emph{et al.}, ``Computationally efficient
whole-genome regression for quantitative and binary traits,'' \emph{Nat.
Genet.}, vol. 53, no. 7, pp. 1097--1103, Jul. 2021, doi:
10.1038/s41588-021-00870-7.

{[}24{]} W. Zhou \emph{et al.}, ``SAIGE-GENE+ improves the efficiency
and accuracy of set-based rare variant association tests,'' \emph{Nat.
Genet.}, vol. 54, no. 10, pp. 1466--1469, Oct. 2022, doi:
10.1038/s41588-022-01178-w.

{[}25{]} D. Miszczyńska and M. Miszczyński, \emph{Wybrane metody badań
operacyjnych}. 2002.

{[}26{]} P. R. Murthy, \emph{Operations research (linear programming)}.
bohem press, 2005.

{[}27{]} Y. Cohen and A. Sadeh, ``A new approach for constructing and
generating AOA networks,'' \emph{J. Eng. Comput. Archit.}, vol. 1, no.
1, pp. 1--13, 2007.

{[}28{]} H. A. Taha, ``Operations research an introduction,'' 2007.

{[}29{]} I. Konarzewska, M. Jewczak, and A. Kucharski,
\emph{Optymalizacja w logistyce, tom 1. Modelowanie logistycznych
procesów decyzyjnych}. Wydawnictwo Uniwersytetu Łódzkiego, 2020.