
@article{potvin_levenberg_google_ACM,
title	= {Why Google Stores Billions of Lines of Code in a Single Repository},
author	= {Rachel Potvin and Josh Levenberg},
year	= {2016},
URL	= {http://dl.acm.org/citation.cfm?id=2854146},
journal	= {Communications of the ACM},
pages	= {78-87},
volume	= {59}
}

% variant reporting standards

% implementing ACMG guidelines
@article{xavier2019tapes,
  title={TAPES: A tool for assessment and prioritisation in exome studies},
  author={Xavier, Alexandre and Scott, Rodney J and Talseth-Palmer, Bente A},
  journal={PLoS computational biology},
  volume={15},
  number={10},
  pages={e1007453},
  year={2019},
  publisher={Public Library of Science San Francisco, CA USA}
}

@article{li2017standards,
  title={Standards and guidelines for the interpretation and reporting of sequence variants in cancer: a joint consensus recommendation of the Association for Molecular Pathology, American Society of Clinical Oncology, and College of American Pathologists},
  author={Li, Marilyn M and Datto, Michael and Duncavage, Eric J and Kulkarni, Shashikant and Lindeman, Neal I and Roy, Somak and Tsimberidou, Apostolia M and Vnencak-Jones, Cindy L and Wolff, Daynna J and Younes, Anas and others},
  journal={The Journal of molecular diagnostics},
  volume={19},
  number={1},
  pages={4--23},
  year={2017},
  publisher={Elsevier}
}

@article{li2017intervar,
  title={InterVar: clinical interpretation of genetic variants by the 2015 ACMG-AMP guidelines},
  author={Li, Quan and Wang, Kai},
  journal={The American Journal of Human Genetics},
  volume={100},
  number={2},
  pages={267--280},
  year={2017},
  publisher={Elsevier}
}

@article{richards2015standards,
  title={Standards and guidelines for the interpretation of sequence variants: a joint consensus recommendation of the American College of Medical Genetics and Genomics and the Association for Molecular Pathology},
  author={Richards, Sue and Aziz, Nazneen and Bale, Sherri and Bick, David and Das, Soma and Gastier-Foster, Julie and Grody, Wayne W and Hegde, Madhuri and Lyon, Elaine and Spector, Elaine and others},
  journal={Genetics in medicine},
  volume={17},
  number={5},
  pages={405--423},
  year={2015},
  publisher={Nature Publishing Group}
}

@article{li2017standards,
  title={Standards and guidelines for the interpretation and reporting of sequence variants in cancer: a joint consensus recommendation of the Association for Molecular Pathology, American Society of Clinical Oncology, and College of American Pathologists},
  author={Li, Marilyn M and Datto, Michael and Duncavage, Eric J and Kulkarni, Shashikant and Lindeman, Neal I and Roy, Somak and Tsimberidou, Apostolia M and Vnencak-Jones, Cindy L and Wolff, Daynna J and Younes, Anas and others},
  journal={The Journal of molecular diagnostics},
  volume={19},
  number={1},
  pages={4--23},
  year={2017},
  publisher={Elsevier}
}

@article{riggs2020technical,
  title={Technical standards for the interpretation and reporting of constitutional copy-number variants: a joint consensus recommendation of the American College of Medical Genetics and Genomics (ACMGe and the Clinical Genome Resource (ClinGen)},
  author={Riggs, Erin Rooney and Andersen, Erica F and Cherry, Athena M and Kantarci, Sibel and Kearney, Hutton and Patel, Ankita and Raca, Gordana and Ritter, Deborah I and South, Sarah T and Thorland, Erik C and others},
  journal={Genetics in Medicine},
  volume={22},
  number={2},
  pages={245--257},
  year={2020},
  publisher={Nature Publishing Group}
}

@article{pedersen2021effective,
  title={Effective variant filtering and expected candidate variant yield in studies of rare human disease},
  author={Pedersen, Brent S and Brown, Joe M and Dashnow, Harriet and Wallace, Amelia D and Velinder, Matt and Tristani-Firouzi, Martin and Schiffman, Joshua D and Tvrdik, Tatiana and Mao, Rong and Best, D Hunter and others},
  journal={NPJ Genomic Medicine},
  volume={6},
  number={1},
  pages={1--8},
  year={2021},
  publisher={Nature Publishing Group}
}


% concepts
@article{van2023bridging,
  title={Bridging clinical and genomic knowledge: An extension of the SPHN RDF schema for seamless integration and FAIRification of omics data},
  author={van der Horst, Eelke and Unni, Deepak and Kopmels, Femke and Armida, Jan and Tour{\'e}, Vasundra and Franke, Wouter and Crameri, Katrin and Cirillo, Elisa and {\"O}sterle, Sabine},
  year={2023},
  publisher={Preprints},
  journal={preprints.org, medicine and pharmacology}
}

% pharmacogenomic
@article{pirmohamed2023pharmacogenomics,
  title={Pharmacogenomics: current status and future perspectives},
  author={Pirmohamed, Munir},
  journal={Nature Reviews Genetics},
  volume={24},
  number={6},
  pages={350--362},
  year={2023},
  publisher={Nature Publishing Group UK London}
}

@article{relling2015pharmacogenomics,
  title={Pharmacogenomics in the clinic},
  author={Relling, Mary V and Evans, William E},
  journal={Nature},
  volume={526},
  number={7573},
  pages={343--350},
  year={2015},
  publisher={Nature Publishing Group UK London}
}

@article{yip2015pharmacogenetic,
  title={Pharmacogenetic markers of drug efficacy and toxicity},
  author={Yip, VLM and Hawcutt, DB and Pirmohamed, Munir},
  journal={Clinical Pharmacology \& Therapeutics},
  volume={98},
  number={1},
  pages={61--70},
  year={2015},
  publisher={Wiley Online Library}
}

@article{gaedigk2021pharmvar,
  title={PharmVar: a Global resource and repository for pharmacogene variation},
  author={Gaedigk, Andrea and Casey, Scott T and Whirl-Carrillo, Michelle and Miller, Neil A and Klein, Teri E},
  journal={Clinical pharmacology and therapeutics},
  volume={110},
  number={3},
  pages={542},
  year={2021},
  publisher={NIH Public Access}
}


% Benchmark papers
@article{wright2023genomic,
  title={Genomic diagnosis of rare pediatric disease in the United Kingdom and Ireland},
  author={Wright, Caroline F and Campbell, Patrick and Eberhardt, Ruth Y and Aitken, Stuart and Perrett, Daniel and Brent, Simon and Danecek, Petr and Gardner, Eugene J and Chundru, V Kartik and Lindsay, Sarah J and others},
  journal={New England Journal of Medicine},
  volume={388},
  number={17},
  pages={1559--1571},
  year={2023},
  publisher={Mass Medical Soc}
}

@article{wojcik2024genome,
  title={Genome Sequencing for Diagnosing Rare Diseases},
  author={Wojcik, Monica H and Lemire, Gabrielle and Berger, Eva and Zaki, Maha S and Wissmann, Mariel and Win, Wathone and White, Susan M and Weisburd, Ben and Wieczorek, Dagmar and Waddell, Leigh B and others},
  journal={New England Journal of Medicine},
  volume={390},
  number={21},
  pages={1985--1997},
  year={2024},
  publisher={Mass Medical Soc}
}

@article{abou2023rapid,
  title={A rapid whole-genome sequencing service for infants with rare diseases in the United Arab Emirates},
  author={Abou Tayoun, Ahmad N and Alsheikh-Ali, Alawi},
  journal={Nature Medicine},
  volume={29},
  number={12},
  pages={2979--2980},
  year={2023},
  publisher={Nature Publishing Group US New York}
}

@article{sanchis2023genome,
  title={Genome sequencing and comprehensive rare-variant analysis of 465 families with neurodevelopmental disorders},
  author={Sanchis-Juan, Alba and Megy, Karyn and Stephens, Jonathan and Ricaurte, Camila Armirola and Dewhurst, Eleanor and Low, Kayyi and French, Courtney E and Grozeva, Detelina and Stirrups, Kathleen and Erwood, Marie and others},
  journal={The American Journal of Human Genetics},
  volume={110},
  number={8},
  pages={1343--1355},
  year={2023},
  publisher={Elsevier}
}

@article{jensson2023actionable,
  title={Actionable genotypes and their association with life span in Iceland},
  author={Jensson, Brynjar O and Arnadottir, Gudny A and Katrinardottir, Hildigunnur and Fridriksdottir, Run and Helgason, Hannes and Oddsson, Asmundur and Sveinbjornsson, Gardar and Eggertsson, Hannes P and Halldorsson, Gisli H and Atlason, Bjarni A and others},
  journal={New England Journal of Medicine},
  volume={389},
  number={19},
  pages={1741--1752},
  year={2023},
  publisher={Mass Medical Soc}
}

@article{lunke2023integrated,
  title={Integrated multi-omics for rapid rare disease diagnosis on a national scale},
  author={Lunke, Sebastian and Bouffler, Sophie E and Patel, Chirag V and Sandaradura, Sarah A and Wilson, Meredith and Pinner, Jason and Hunter, Matthew F and Barnett, Christopher P and Wallis, Mathew and Kamien, Benjamin and others},
  journal={Nature medicine},
  volume={29},
  number={7},
  pages={1681--1691},
  year={2023},
  publisher={Nature Publishing Group US New York}
}

@article{meng2017use,
  title={Use of exome sequencing for infants in intensive care units: ascertainment of severe single-gene disorders and effect on medical management},
  author={Meng, Linyan and Pammi, Mohan and Saronwala, Anirudh and Magoulas, Pilar and Ghazi, Andrew Ray and Vetrini, Francesco and Zhang, Jing and He, Weimin and Dharmadhikari, Avinash V and Qu, Chunjing and others},
  journal={JAMA pediatrics},
  volume={171},
  number={12},
  pages={e173438--e173438},
  year={2017},
  publisher={American Medical Association}
}

@article{van2022hospital,
  title={Hospital-related costs of sepsis around the world: A systematic review exploring the economic burden of sepsis},
  author={Van den Berg, M and Van Beuningen, FE and Ter Maaten, JC and Bouma, HR},
  journal={Journal of Critical Care},
  volume={71},
  pages={154096},
  year={2022},
  publisher={Elsevier}
}


@article{moufarrej2023noninvasive,
  title={Noninvasive prenatal testing using circulating DNA and RNA: advances, challenges, and possibilities},
  author={Moufarrej, Mira N and Bianchi, Diana W and Shaw, Gary M and Stevenson, David K and Quake, Stephen R},
  journal={Annual Review of Biomedical Data Science},
  volume={6},
  number={1},
  pages={397--418},
  year={2023},
  publisher={Annual Reviews}
}




@article{ref1,
    title   = {The human genetic determinism of life-threatening infectious diseases: genetic heterogeneity and physiological homogeneity?},
    author  = {Jean-Laurent Casanova and Laurent Abel},
    year    = {2020},
    journal = {Hum. Genet.},
    volume  = {139},
    pages   = {681--694}
}

@article{ref2,
    title   = {Rare-variant collapsing analyses for complex traits: guidelines and applications},
    author  = {Gundula Povysil and Slavé Petrovski and Jason Hostyk and Vandana Aggarwal and A. S. Allen and David B. Goldstein},
    year    = {2019},
    journal = {Nat. Rev. Genet.},
    volume  = {20},
    number  = {12},
    doi     = {10.1038/s41576-019-0177-4}
}

@article{ref3,
    title   = {Effective variant filtering and expected candidate variant yield in studies of rare human disease},
    author  = {B. S. Pedersen and others},
    year    = {2021},
    journal = {NPJ Genomic Med.},
    volume  = {6},
    number  = {1},
    pages   = {1--8}
}

@article{ref4,
    title   = {From FastQ Data to High-Confidence Variant Calls: The Genome Analysis Toolkit Best Practices Pipeline},
    author  = {G. A. Van der Auwera and others},
    year    = {2013},
    journal = {Curr. Protoc. Bioinforma.},
    volume  = {43},
    number  = {1},
    pages   = {11.10.1-11.10.33},
    doi     = {10.1002/0471250953.bi1110s43}
}

@article{ref5,
    title   = {Prevalence of CFTR variants in primary immunodeficiency patients with bronchiectasis is an important modifying cofactor},
    author  = {D. Lawless and others},
    year    = {2023},
    journal = {J. Allergy Clin. Immunol.},
    volume  = {152},
    number  = {1},
    pages   = {257--265},
    doi     = {10.1016/j.jaci.2023.01.035}
}

@article{ref6,
    title   = {Viral Genetic Determinants of Prolonged Respiratory Syncytial Virus Infection Among Infants in a Healthy Term Birth Cohort},
    author  = {D. Lawless and others},
    year    = {2023},
    journal = {J. Infect. Dis.},
    volume  = {227},
    number  = {10},
    pages   = {1194--1202},
    doi     = {10.1093/infdis/jiac442}
}

@article{ref7,
    title   = {Genome-to-genome analysis reveals associations between human and mycobacterial genetic variation in tuberculosis patients from Tanzania},
    author  = {Z. M. Xu and others},
    year    = {2023},
    journal = {Published online},
    doi     = {10.1101/2023.05.11.23289848}
}

@article{ref8,
    title   = {The STRING database in 2017: quality-controlled protein-protein association networks, made broadly accessible},
    author  = {D. Szklarczyk and others},
    year    = {2016},
    journal = {Nucleic Acids Res.},
    volume  = {45},
    number  = {D1},
    pages   = {D362--D368},
    doi     = {10.1093/nar/gkw937}
}

@article{ref9,
    title   = {Rare-Variant Association Testing for Sequencing Data with the Sequence Kernel Association Test},
    author  = {M. C. Wu and S. Lee and T. Cai and Y. Li and M. Boehnke and X. Lin},
    year    = {2011},
    journal = {Am. J. Hum. Genet.},
    volume  = {89},
    number  = {1},
    pages   = {82--93},
    doi     = {10.1016/j.ajhg.2011.05.029}
}

@article{ref10,
    title   = {Optimal Unified Approach for Rare-Variant Association Testing with Application to Small-Sample Case-Control Whole-Exome Sequencing Studies},
    author  = {S. Lee and others},
    year    = {2012},
    journal = {Am. J. Hum. Genet.},
    volume  = {91},
    number  = {2},
    pages   = {224--237},
    doi     = {10.1016/j.ajhg.2012.06.007}
}

@article{ref11,
    title   = {Optimal tests for rare variant effects in sequencing association studies},
    author  = {S. Lee and M. C. Wu and X. Lin},
    year    = {2012},
    journal = {Biostatistics},
    volume  = {13},
    number  = {4},
    pages   = {762--775},
    doi     = {10.1093/biostatistics/kxs014}
}

@article{ref12,
    title   = {Standards and guidelines for the interpretation of sequence variants: a joint consensus recommendation of the American College of Medical Genetics and Genomics and the Association for Molecular Pathology},
    author  = {S. Richards and others},
    year    = {2015},
    journal = {Genet Med},
    volume  = {17},
    number  = {5},
    pages   = {405--424},
    doi     = {10.1038/gim.2015.30}
}

@article{ref13,
    title   = {Ravages: An R package for the simulation and analysis of rare variants in multicategory phenotypes},
    author  = {O. Bocher and G. Marenne and E. Génin and H. Perdry},
    year    = {2023},
    journal = {Genet. Epidemiol.},
    volume  = {47},
    number  = {6},
    pages   = {450--460},
    doi     = {10.1002/gepi.22529}
}

@article{ref14,
    title   = {A Genome-Wide Association Study Identifies IL23R as an Inflammatory Bowel Disease Gene},
    author  = {R. H. Duerr and others},
    year    = {2006},
    journal = {Science},
    volume  = {314},
    number  = {5804},
    pages   = {1461--1463},
    doi     = {10.1126/science.1135245}
}

@article{ref15,
    title   = {Cauchy Combination Test: A Powerful Test With Analytic p-Value Calculation Under Arbitrary Dependency Structures},
    author  = {Y. Liu and J. Xie},
    year    = {2020},
    journal = {J. Am. Stat. Assoc.},
    volume  = {115},
    number  = {529},
    pages   = {393--402},
    doi     = {10.1080/01621459.2018.1554485}
}

@article{ref16,
    title   = {UniProt: the universal protein knowledgebase},
    author  = {The UniProt Consortium},
    year    = {2016},
    journal = {Nucleic Acids Res.},
    volume  = {45},
    number  = {D1},
    pages   = {D158--D169},
    doi     = {10.1093/nar/gkw1099}
}

@article{ref17,
    title   = {Dynamic incorporation of multiple in silico functional annotations empowers rare variant association analysis of large whole-genome sequencing studies at scale},
    author  = {X. Li and others},
    year    = {2020},
    journal = {Nat. Genet.},
    volume  = {52},
    number  = {9},
    pages   = {969--983},
    doi     = {10.1038/s41588-020-0676-4}
}

@article{ref18,
    title   = {A framework for detecting noncoding rare-variant associations of large-scale whole-genome sequencing studies},
    author  = {Z. Li and others},
    year    = {2022},
    journal = {Nat. Methods},
    volume  = {19},
    number  = {12},
    pages   = {1599--1611},
    doi     = {10.1038/s41592-022-01640-x}
}

@article{ref19,
    title   = {Methods for detecting associations with rare variants for common diseases: application to analysis of sequence data},
    author  = {B. Li and S. M. Leal},
    year    = {2008},
    journal = {Am. J. Hum. Genet.},
    volume  = {83},
    number  = {3},
    pages   = {311--321}
}

@article{ref20,
    title   = {A groupwise association test for rare mutations using a weighted sum statistic},
    author  = {B. E. Madsen and S. R. Browning},
    year    = {2009},
    journal = {PLoS Genet},
    volume  = {5},
    number  = {2},
    pages   = {e1000384},
    doi     = {10.1371/journal.pgen.1000384}
}

@article{ref21,
    title   = {Testing for an unusual distribution of rare variants},
    author  = {B. M. Neale and others},
    year    = {2011},
    journal = {PLoS Genet.},
    volume  = {7},
    number  = {3},
    pages   = {e1001322}
}

@article{ref22,
    title   = {ACAT: a fast and powerful p value combination method for rare-variant analysis in sequencing studies},
    author  = {Y. Liu and S. Chen and Z. Li and A. C. Morrison and E. Boerwinkle and X. Lin},
    year    = {2019},
    journal = {Am. J. Hum. Genet.},
    volume  = {104},
    number  = {3},
    pages   = {410--421}
}

@article{ref23,
    title   = {Computationally efficient whole-genome regression for quantitative and binary traits},
    author  = {J. Mbatchou and others},
    year    = {2021},
    journal = {Nat. Genet.},
    volume  = {53},
    number  = {7},
    pages   = {1097--1103},
    doi     = {10.1038/s41588-021-00870-7}
}

@article{ref24,
    title   = {SAIGE-GENE+ improves the efficiency and accuracy of set-based rare variant association tests},
    author  = {W. Zhou and others},
    year    = {2022},
    journal = {Nat. Genet.},
    volume  = {54},
    number  = {10},
    pages   = {1466--1469},
    doi     = {10.1038/s41588-022-01178-w}
}

@book{ref25,
    title   = {Wybrane metody badań operacyjnych},
    author  = {D. Miszczyńska and M. Miszczyński},
    year    = {2002},
    publisher = {Published independently}
}

@book{ref26,
    title   = {Operations research (linear programming)},
    author  = {P. R. Murthy},
    year    = {2005},
    publisher = {bohem press}
}

@article{ref27,
    title   = {A new approach for constructing and generating AOA networks},
    author  = {Y. Cohen and A. Sadeh},
    year    = {2007},
    journal = {J. Eng. Comput. Archit.},
    volume  = {1},
    number  = {1},
    pages   = {1--13}
}

@book{ref28,
    title   = {Operations research an introduction},
    author  = {H. A. Taha},
    year    = {2007},
    publisher = {Published independently}
}

@book{ref29,
    title   = {Optymalizacja w logistyce, tom 1. Modelowanie logistycznych procesów decyzyjnych},
    author  = {I. Konarzewska and M. Jewczak and A. Kucharski},
    year    = {2020},
    publisher = {Wydawnictwo Uniwersytetu Łódzkiego}
}
