
% variant reporting standards

% implementing ACMG guidelines
@article{xavier2019tapes,
  title={TAPES: A tool for assessment and prioritisation in exome studies},
  author={Xavier, Alexandre and Scott, Rodney J and Talseth-Palmer, Bente A},
  journal={PLoS computational biology},
  volume={15},
  number={10},
  pages={e1007453},
  year={2019},
  publisher={Public Library of Science San Francisco, CA USA}
}

@article{li2017standards,
  title={Standards and guidelines for the interpretation and reporting of sequence variants in cancer: a joint consensus recommendation of the Association for Molecular Pathology, American Society of Clinical Oncology, and College of American Pathologists},
  author={Li, Marilyn M and Datto, Michael and Duncavage, Eric J and Kulkarni, Shashikant and Lindeman, Neal I and Roy, Somak and Tsimberidou, Apostolia M and Vnencak-Jones, Cindy L and Wolff, Daynna J and Younes, Anas and others},
  journal={The Journal of molecular diagnostics},
  volume={19},
  number={1},
  pages={4--23},
  year={2017},
  publisher={Elsevier}
}

@article{li2017intervar,
  title={InterVar: clinical interpretation of genetic variants by the 2015 ACMG-AMP guidelines},
  author={Li, Quan and Wang, Kai},
  journal={The American Journal of Human Genetics},
  volume={100},
  number={2},
  pages={267--280},
  year={2017},
  publisher={Elsevier}
}

@article{richards2015standards,
  title={Standards and guidelines for the interpretation of sequence variants: a joint consensus recommendation of the American College of Medical Genetics and Genomics and the Association for Molecular Pathology},
  author={Richards, Sue and Aziz, Nazneen and Bale, Sherri and Bick, David and Das, Soma and Gastier-Foster, Julie and Grody, Wayne W and Hegde, Madhuri and Lyon, Elaine and Spector, Elaine and others},
  journal={Genetics in medicine},
  volume={17},
  number={5},
  pages={405--423},
  year={2015},
  publisher={Nature Publishing Group}
}

@article{li2017standards,
  title={Standards and guidelines for the interpretation and reporting of sequence variants in cancer: a joint consensus recommendation of the Association for Molecular Pathology, American Society of Clinical Oncology, and College of American Pathologists},
  author={Li, Marilyn M and Datto, Michael and Duncavage, Eric J and Kulkarni, Shashikant and Lindeman, Neal I and Roy, Somak and Tsimberidou, Apostolia M and Vnencak-Jones, Cindy L and Wolff, Daynna J and Younes, Anas and others},
  journal={The Journal of molecular diagnostics},
  volume={19},
  number={1},
  pages={4--23},
  year={2017},
  publisher={Elsevier}
}

@article{riggs2020technical,
  title={Technical standards for the interpretation and reporting of constitutional copy-number variants: a joint consensus recommendation of the American College of Medical Genetics and Genomics (ACMGe and the Clinical Genome Resource (ClinGen)},
  author={Riggs, Erin Rooney and Andersen, Erica F and Cherry, Athena M and Kantarci, Sibel and Kearney, Hutton and Patel, Ankita and Raca, Gordana and Ritter, Deborah I and South, Sarah T and Thorland, Erik C and others},
  journal={Genetics in Medicine},
  volume={22},
  number={2},
  pages={245--257},
  year={2020},
  publisher={Nature Publishing Group}
}

@article{pedersen2021effective,
  title={Effective variant filtering and expected candidate variant yield in studies of rare human disease},
  author={Pedersen, Brent S and Brown, Joe M and Dashnow, Harriet and Wallace, Amelia D and Velinder, Matt and Tristani-Firouzi, Martin and Schiffman, Joshua D and Tvrdik, Tatiana and Mao, Rong and Best, D Hunter and others},
  journal={NPJ Genomic Medicine},
  volume={6},
  number={1},
  pages={1--8},
  year={2021},
  publisher={Nature Publishing Group}
}


% concepts
@article{van2023bridging,
  title={Bridging clinical and genomic knowledge: An extension of the SPHN RDF schema for seamless integration and FAIRification of omics data},
  author={van der Horst, Eelke and Unni, Deepak and Kopmels, Femke and Armida, Jan and Tour{\'e}, Vasundra and Franke, Wouter and Crameri, Katrin and Cirillo, Elisa and {\"O}sterle, Sabine},
  year={2023},
  publisher={Preprints},
  journal={preprints.org, medicine and pharmacology}
}

% pharmacogenomic
@article{pirmohamed2023pharmacogenomics,
  title={Pharmacogenomics: current status and future perspectives},
  author={Pirmohamed, Munir},
  journal={Nature Reviews Genetics},
  volume={24},
  number={6},
  pages={350--362},
  year={2023},
  publisher={Nature Publishing Group UK London}
}

@article{relling2015pharmacogenomics,
  title={Pharmacogenomics in the clinic},
  author={Relling, Mary V and Evans, William E},
  journal={Nature},
  volume={526},
  number={7573},
  pages={343--350},
  year={2015},
  publisher={Nature Publishing Group UK London}
}

@article{yip2015pharmacogenetic,
  title={Pharmacogenetic markers of drug efficacy and toxicity},
  author={Yip, VLM and Hawcutt, DB and Pirmohamed, Munir},
  journal={Clinical Pharmacology \& Therapeutics},
  volume={98},
  number={1},
  pages={61--70},
  year={2015},
  publisher={Wiley Online Library}
}

@article{gaedigk2021pharmvar,
  title={PharmVar: a Global resource and repository for pharmacogene variation},
  author={Gaedigk, Andrea and Casey, Scott T and Whirl-Carrillo, Michelle and Miller, Neil A and Klein, Teri E},
  journal={Clinical pharmacology and therapeutics},
  volume={110},
  number={3},
  pages={542},
  year={2021},
  publisher={NIH Public Access}
}


% Benchmark papers
@article{wright2023genomic,
  title={Genomic diagnosis of rare pediatric disease in the United Kingdom and Ireland},
  author={Wright, Caroline F and Campbell, Patrick and Eberhardt, Ruth Y and Aitken, Stuart and Perrett, Daniel and Brent, Simon and Danecek, Petr and Gardner, Eugene J and Chundru, V Kartik and Lindsay, Sarah J and others},
  journal={New England Journal of Medicine},
  volume={388},
  number={17},
  pages={1559--1571},
  year={2023},
  publisher={Mass Medical Soc}
}

@article{wojcik2024genome,
  title={Genome Sequencing for Diagnosing Rare Diseases},
  author={Wojcik, Monica H and Lemire, Gabrielle and Berger, Eva and Zaki, Maha S and Wissmann, Mariel and Win, Wathone and White, Susan M and Weisburd, Ben and Wieczorek, Dagmar and Waddell, Leigh B and others},
  journal={New England Journal of Medicine},
  volume={390},
  number={21},
  pages={1985--1997},
  year={2024},
  publisher={Mass Medical Soc}
}

@article{abou2023rapid,
  title={A rapid whole-genome sequencing service for infants with rare diseases in the United Arab Emirates},
  author={Abou Tayoun, Ahmad N and Alsheikh-Ali, Alawi},
  journal={Nature Medicine},
  volume={29},
  number={12},
  pages={2979--2980},
  year={2023},
  publisher={Nature Publishing Group US New York}
}

@article{sanchis2023genome,
  title={Genome sequencing and comprehensive rare-variant analysis of 465 families with neurodevelopmental disorders},
  author={Sanchis-Juan, Alba and Megy, Karyn and Stephens, Jonathan and Ricaurte, Camila Armirola and Dewhurst, Eleanor and Low, Kayyi and French, Courtney E and Grozeva, Detelina and Stirrups, Kathleen and Erwood, Marie and others},
  journal={The American Journal of Human Genetics},
  volume={110},
  number={8},
  pages={1343--1355},
  year={2023},
  publisher={Elsevier}
}

@article{jensson2023actionable,
  title={Actionable genotypes and their association with life span in Iceland},
  author={Jensson, Brynjar O and Arnadottir, Gudny A and Katrinardottir, Hildigunnur and Fridriksdottir, Run and Helgason, Hannes and Oddsson, Asmundur and Sveinbjornsson, Gardar and Eggertsson, Hannes P and Halldorsson, Gisli H and Atlason, Bjarni A and others},
  journal={New England Journal of Medicine},
  volume={389},
  number={19},
  pages={1741--1752},
  year={2023},
  publisher={Mass Medical Soc}
}

@article{lunke2023integrated,
  title={Integrated multi-omics for rapid rare disease diagnosis on a national scale},
  author={Lunke, Sebastian and Bouffler, Sophie E and Patel, Chirag V and Sandaradura, Sarah A and Wilson, Meredith and Pinner, Jason and Hunter, Matthew F and Barnett, Christopher P and Wallis, Mathew and Kamien, Benjamin and others},
  journal={Nature medicine},
  volume={29},
  number={7},
  pages={1681--1691},
  year={2023},
  publisher={Nature Publishing Group US New York}
}

@article{meng2017use,
  title={Use of exome sequencing for infants in intensive care units: ascertainment of severe single-gene disorders and effect on medical management},
  author={Meng, Linyan and Pammi, Mohan and Saronwala, Anirudh and Magoulas, Pilar and Ghazi, Andrew Ray and Vetrini, Francesco and Zhang, Jing and He, Weimin and Dharmadhikari, Avinash V and Qu, Chunjing and others},
  journal={JAMA pediatrics},
  volume={171},
  number={12},
  pages={e173438--e173438},
  year={2017},
  publisher={American Medical Association}
}

@article{van2022hospital,
  title={Hospital-related costs of sepsis around the world: A systematic review exploring the economic burden of sepsis},
  author={Van den Berg, M and Van Beuningen, FE and Ter Maaten, JC and Bouma, HR},
  journal={Journal of Critical Care},
  volume={71},
  pages={154096},
  year={2022},
  publisher={Elsevier}
}


@article{moufarrej2023noninvasive,
  title={Noninvasive prenatal testing using circulating DNA and RNA: advances, challenges, and possibilities},
  author={Moufarrej, Mira N and Bianchi, Diana W and Shaw, Gary M and Stevenson, David K and Quake, Stephen R},
  journal={Annual Review of Biomedical Data Science},
  volume={6},
  number={1},
  pages={397--418},
  year={2023},
  publisher={Annual Reviews}
}
